@article{eaii,
title={El aprendizaje del idioma inglés como lengua extranjera 2017},
volume={6},  
url={https://revista.redipe.org/index.php/1/article/view/227},
DOI={10.36260/rbr.v6i4.227}, 
number={4}, 
journal={Revista Boletín Redipe},
year={2017},
month={Oct.},
pages={91–98}
}

@misc{colciencias2018trl,
  author       = {{Departamento Administrativo de Ciencia, Tecnología e Innovación - Colciencias}},
  title        = {{Anexo 1. Technology Readiness Levels - TRL}},
  year         = {2018},
  note         = {Convocatoria Cierre de Brechas Tecnológicas - 2018},
  howpublished = {\url{https://minciencias.gov.co/sites/default/files/upload/convocatoria/anexo_1._technology_readiness_levels_-_trl.pdf}},
  institution  = {Colciencias}
}

@article{salinas2010entrenamiento,
  title={Entrenamiento en estrategias de aprendizaje de ingl{\'e}s como lengua extranjera en un contexto de aprendizaje combinado},
  author={Salinas, Jaime Garc{\'\i}a},
  journal={Revista Nebrija de Ling{\"u}{\'\i}stica aplicada a la ense{\~n}anza de Lenguas},
  number={8},
  pages={18--41},
  year={2010}
}

@article{alhawiti2014natural,
  title={Natural language processing and its use in education},
  author={Alhawiti, Khaled M},
  journal={International Journal of Advanced Computer Science and Applications},
  volume={5},
  number={12},
  year={2014},
  publisher={Citeseer}
}

@article{flores2015using,
  title={Using gamification to enhance second language learning},
  author={Flores, Jorge Francisco Figueroa},
  journal={Digital Education Review},
  number={27},
  pages={32--54},
  year={2015},
  publisher={Digital Education Observatory (OED)}
}

@techreport{cronquist2017aprendizaje,
  title={El aprendizaje del ingl{\'e}s en Am{\'e}rica Latina},
  author={Cronquist, Kathryn and Fiszbein, Ariel},
  year={2017},
  institution={El Di{\'a}logo Interamericano}
}

@book{icfes2022informe,
  author    = {{Instituto Colombiano para la Evaluación de la Educación (Icfes)}},
  title     = {Informe nacional de resultados del examen Saber 11° 2020. Vol. II},
  year      = {2022},
  address   = {Bogotá},
  publisher = {Icfes},
}

@article{molina2021gamificacion,
  title={La gamificaci{\'o}n como estrategia did{\'o}ctica para el aprendizaje del idioma ingl{\'e}s},
  author={Molina-Garc{\'\i}a, Pedro Fabricio and Molina-Garc{\'\i}a, Alicia Rosanna and Gentry-Jones, Jason},
  journal={Dominio de las Ciencias},
  volume={7},
  number={1},
  pages={722--730},
  year={2021}
}

@article{martinez2020herramientas,
  title={Herramientas digitales para la ense{\~n}anza del idioma ingl{\'e}s},
  author={Mart{\'\i}nez-P{\'e}rez, M{\'o}nica G and others},
  journal={Con-Ciencia bolet{\'\i}n cient{\'\i}fico de la Escuela preparatoria No. 3},
  volume={7},
  number={14},
  pages={28--32},
  year={2020}
}

@online{ibm_pln,
  author= {IBM},
  title= {¿Qué es el procesamiento del lenguaje natural (PLN)?},
  year={2024},
  howpublished={https://www.ibm.com/mxes/think/topics/natural-language-processing}
}

@online{ibm_ia,
  author={IBM},
  title        = {¿Qué es la Inteligencia Artificial (IA)?},
  year         = {2024},
  howpublished          = {https://www.ibm.com/mx-es/think/topics/artificial-intelligence}
}

@article{kholis2021elsa,
  title={Elsa speak app: automatic speech recognition (ASR) for supplementing English pronunciation skills},
  author={Kholis, Adhan},
  journal={Pedagogy: Journal of English Language Teaching},
  volume={9},
  number={1},
  pages={01--14},
  year={2021}
}

@article{shortt2023gamification,
  title={Gamification in mobile-assisted language learning: A systematic review of Duolingo literature from public release of 2012 to early 2020},
  author={Shortt, Mitchell and Tilak, Shantanu and Kuznetcova, Irina and Martens, Bethany and Akinkuolie, Babatunde},
  journal={Computer Assisted Language Learning},
  volume={36},
  number={3},
  pages={517--554},
  year={2023},
  publisher={Taylor \& Francis}
}

@article{chicaiza2023aplicaciones,
  title={Aplicaciones de Chat GPT como inteligencia artificial para el aprendizaje de idioma ingl{\'e}s: Avances, desaf{\'\i}os y perspectivas futuras: Applications of Chat GPT as Artificial Intelligence for English Language Learning: Advances, Challenges, and Future Perspectives},
  author={Chica{\'\i}za, Rosa Mar{\'\i}a Chica{\'\i}za and Castillo, Luis Alfredo Camacho and Ghose, Gargi and Magayanes, Israel Eduardo Castro and Fonseca, Victor Trajano Gallo},
  journal={Latam: revista latinoamericana de Ciencias Sociales y Humanidades},
  volume={4},
  number={2},
  pages={180},
  year={2023},
  publisher={REDILAT: Red de Investigadores Latinoamericanos}
}

@misc{quintero2018videojuego,
  author       = {L. F. Quintero Castaño},
  title        = {Videojuego para el apoyo a la enseñanza de inglés para los estudiantes de Ingeniería de Sistemas de la Universidad del Valle Sede Tuluá},
  howpublished = {Trabajo de grado, Universidad del Valle, Facultad de Ingeniería, Escuela de Ingeniería de Sistemas y Computación},
  address      = {Tuluá, Colombia},
  year         = {2018},
}

@misc{azcarate2020prototipo,
  author       = {A. Azcárate Trujillo and K. L. Torres Ríos},
  title        = {Prototipo de una aplicación de procesamiento de lenguaje natural aplicando traducción a lengua de señas colombiana en dispositivos móviles},
  howpublished = {Trabajo de grado, Universidad del Valle, Facultad de Ingeniería, Escuela de Ingeniería de Sistemas y Computación},
  address      = {Tuluá, Colombia},
  year         = {2020}
}

@misc{correa2018objetos,
  author       = {P. A. Correa Villalobos and M. Dávila Escobar},
  title        = {Objetos Virtuales de Aprendizaje con elementos de gamificación para el Apoyo de la Asignatura Fundamentos de Programación del Programa Académico de Ingeniería de Sistemas de la Universidad del Valle Sede Tuluá},
  howpublished = {Trabajo de grado, Universidad del Valle, Facultad de Ingeniería, Escuela de Ingeniería de Sistemas y Computación},
  address      = {Tuluá, Colombia},
  year         = {2018}
}

@article{calvillo2015assessing,
  title={Assessing the core elements of the gaming experience},
  author={Calvillo-G{\'a}mez, Eduardo H and Cairns, Paul and Cox, Anna L},
  journal={Game user experience evaluation},
  pages={37--62},
  year={2015},
  publisher={Springer}
}

@article{moreira2015ensenanza,
  title={De la ense{\~n}anza con libros de texto al aprendizaje en espacios online gamificados},
  author={Moreira, Manuel Area and Gonz{\'a}lez, Carina S Gonz{\'a}lez},
  journal={Educatio siglo XXI},
  volume={33},
  number={3 Noviembr},
  pages={15--38},
  year={2015}
}

@book{mcer2002,
  author    = {{Consejo de Europa}},
  title     = {Marco Común Europeo de Referencia para las Lenguas: Aprendizaje, Enseñanza, Evaluación},
  year      = {2002},
  publisher = {Ministerio de Educación, Cultura y Deporte; Grupo ANAYA, S.A.},
  address   = {Madrid},
  isbn      = {84-667-1618-1}

@online{aws_webapp,
  author       = {Amazon Web Services, Inc.},
  title        = {¿Qué es una aplicación web? - Explicación de las aplicaciones web},
  year         = {2025},
  howpublished          =    {https://aws.amazon.com/es/what-is/web-application/}
}

@Inbook{Jain2022,
author="Jain, Shashank Mohan",
title="Hugging Face",
bookTitle="Introduction to Transformers for NLP: With the Hugging Face Library and Models to Solve Problems",
year="2022",
publisher="Apress",
address="Berkeley, CA",
pages="51--67",
isbn="978-1-4842-8844-3",
doi="10.1007/978-1-4842-8844-3_4",
url="https://doi.org/10.1007/978-1-4842-8844-3_4"
}

@inproceedings{Rajpurkar2016,
   author = {Pranav Rajpurkar and Jian Zhang and Konstantin Lopyrev and Percy Liang},
   doi = {10.18653/v1/d16-1264},
   booktitle = {EMNLP 2016 - Conference on Empirical Methods in Natural Language Processing, Proceedings},
   title = {SQuad: 100,000+ questions for machine comprehension of text},
   year = {2016}
}

@inproceedings{Lai2017,
   author = {Guokun Lai and Qizhe Xie and Hanxiao Liu and Yiming Yang and Eduard Hovy},
   doi = {10.18653/v1/d17-1082},
   booktitle = {EMNLP 2017 - Conference on Empirical Methods in Natural Language Processing, Proceedings},
   title = {RACE: Large-scale ReAding comprehension dataset from examinations},
   year = {2017}
}

@misc{mikolov2013,
      title={Efficient Estimation of Word Representations in Vector Space}, 
      author={Tomas Mikolov and Kai Chen and Greg Corrado and Jeffrey Dean},
      year={2013},
      eprint={1301.3781},
      archivePrefix={arXiv},
      primaryClass={cs.CL},
      url={https://arxiv.org/abs/1301.3781}, 
}

@inproceedings{Pennington2014,
   author = {Jeffrey Pennington and Richard Socher and Christopher D. Manning},
   doi = {10.3115/v1/d14-1162},
   isbn = {9781937284961},
   booktitle = {EMNLP 2014 - 2014 Conference on Empirical Methods in Natural Language Processing, Proceedings of the Conference},
   pages = {1532-1543},
   publisher = {Association for Computational Linguistics (ACL)},
   title = {GloVe: Global vectors for word representation},
   year = {2014}
}

@misc{vaswani2023attentionneed,
      title={Attention Is All You Need}, 
      author={Ashish Vaswani and Noam Shazeer and Niki Parmar and Jakob Uszkoreit and Llion Jones and Aidan N. Gomez and Lukasz Kaiser and Illia Polosukhin},
      year={2023},
      eprint={1706.03762},
      archivePrefix={arXiv},
      primaryClass={cs.CL},
      url={https://arxiv.org/abs/1706.03762}, 
}


@misc{wordembeddingssurvey,
      title={Word Embeddings: A Survey}, 
      author={Felipe Almeida and Geraldo Xexéo},
      year={2023},
      eprint={1901.09069},
      archivePrefix={arXiv},
      primaryClass={cs.CL},
      howpublished={https://arxiv.org/abs/1901.09069}, 
}

@misc{mathworks1,
  author       = {MathWorks},
  title        = {Visualize Word Embeddings Using Text Scatter Plots},
  howpublished = {\url{https://jp.mathworks.com/help/textanalytics/ug/visualize-word-embedding-using-text-scatter-plot.html}},
  note         = {Consultado el 6 de junio de 2025}
}

@misc{alammar2018gpt2,
  author = {Jay Alammar},
  title = {The Illustrated GPT-2 (Visualizing Transformer Language Models)},
  year = {2018},
  url = {https://jalammar.github.io/illustrated-gpt2/},
}

@misc{alammar2018bert,
  author = {Jay Alammar},
  title = {The Illustrated BERT, ELMo, and co. (How NLP Cracked Transfer Learning)},
  year = {2018},
  url = {https://jalammar.github.io/illustrated-bert/},
  note = {Consultado: 6 de junio de 2025}
}

@misc{transferttt,
      title={Exploring the Limits of Transfer Learning with a Unified Text-to-Text Transformer}, 
      author={Colin Raffel and Noam Shazeer and Adam Roberts and Katherine Lee and Sharan Narang and Michael Matena and Yanqi Zhou and Wei Li and Peter J. Liu},
      year={2023},
      eprint={1910.10683},
      archivePrefix={arXiv},
      primaryClass={cs.LG},
      url={https://arxiv.org/abs/1910.10683}, 
}


@misc{huggperplexity,
  author       = {Hugging Face},
  title        = {Perplejidad de los modelos de longitud fija},
  year         = {2025},
  howpublished          = {https://huggingface.co/docs/transformers/es/perplexity}
}

@misc{britishb1b2grammar,
  author       = {British Council},
  title        = {Gramática B1-B2},
  year         = {2025},
  howpublished          = {https://learnenglish.britishcouncil.org/grammar/b1-b2-grammar}
}

@misc{britisha1a2grammar,
  author       = {British Council},
  title        = {Gramática A1-A2},
  year         = {2025},
  howpublished          = {https://learnenglish.britishcouncil.org/grammar/a1-a2-grammar}
}

@misc{britishcouncilgrammar,
  author       = {British Council},
  title        = {Gramática | LearnEnglish},
  year         = {2025},
  howpublished          = {https://learnenglish.britishcouncil.org/grammar}
}

@misc{metodogramaticatrad,
  author       = {Centro Virtual Cervantes},
  title        = {Método gramática-traducción},
  year         = {2025},
  url          = {https://cvc.cervantes.es/ensenanza/biblioteca_ele/diccio_ele/diccionario/metodogramaticatrad.htm}
}

@misc{enfoquecomunicativo,
  author       = {Centro Virtual Cervantes},
  title        = {Enfoque comunicativo},
  year         = {2025},
  url          = {https://cvc.cervantes.es/Ensenanza/biblioteca_ele/diccio_ele/diccionario/enfoquecomunicativo.htm}
}

@article{TBLT,
  author = {Fatemeh Ahmadniay Motlagh and Alireza Sharif Jafari and Zohreh Yazdani},
  title = {A General Overview of Task-based Language Teaching (TBLT), from Theory to Practice},
  journal = {International Journal of Language and Linguistics},
  volume = {2},
  number = {5-1},
  pages = {1-11},
  doi = {10.11648/j.ijll.s.2014020501.11},
  url = {https://doi.org/10.11648/j.ijll.s.2014020501.11},
  eprint = {https://article.sciencepublishinggroup.com/pdf/10.11648.j.ijll.s.2014020501.11},
 year = {2014}
}


@misc{Dehghanzadeh2021,
   author = {Hojjat Dehghanzadeh and Hashem Fardanesh and Javad Hatami and Ebrahim Talaee and Omid Noroozi},
   doi = {10.1080/09588221.2019.1648298},
   issn = {17443210},
   issue = {7},
   journal = {Computer Assisted Language Learning},
   title = {Using gamification to support learning English as a second language: a systematic review},
   volume = {34},
   year = {2021}
}

@misc{huggingfacegpt2,
  author       = {Open AI community},
  title        = {GPT-2},
  year         = 2023,
  howpublished          = {https://huggingface.co/openai-community/gpt2},
}

@misc{potsaweesquad,
  author       = {Potsawee},
  title        = {t5-large-generation-squad-QuestionAnswer},
  year         = {2021},
  howpublished = {\url{https://huggingface.co/potsawee/t5-large-generation-squad-QuestionAnswer}}
}

@misc{potsaweerace,
  author       = {Potsawee},
  title        = {t5-large-generation-race-QuestionAnswer},
  year         = {2021},
  howpublished = {\url{https://huggingface.co/potsawee/t5-large-generation-race-QuestionAnswer}}
}

@misc{manakul2023,
      title={MQAG: Multiple-choice Question Answering and Generation for Assessing Information Consistency in Summarization}, 
      author={Potsawee Manakul and Adian Liusie and Mark J. F. Gales},
      year={2023},
      eprint={2301.12307},
      archivePrefix={arXiv},
      primaryClass={cs.CL},
      howpublished={https://arxiv.org/abs/2301.12307}, 
}

@misc{potsaweedistractor,
  author       = {Potsawee},
  title        = {t5-large-generation-race-Distractor},
  year         = {2021},
  howpublished = {\url{https://huggingface.co/potsawee/t5-large-generation-race-Distractor}}
}

@misc{stsbrobertabase,
  author       = {Reimers, Nils and Gurevych, Iryna},
  title        = {stsb-roberta-base},
  year         = {2020},
  howpublished = {\url{https://huggingface.co/sentence-transformers/stsb-roberta-base}}
}

@online{openaicondicionesuso,
  author       = {OpenAI},
  title        = {Condiciones de uso},
  year         = {2024},
  howpublished          = {https://openai.com/es-419/policies/row-terms-of-use/}
}